%% This BibTeX bibliography file was created using BibDesk.
%% http://bibdesk.sourceforge.net/


%% Created for Daniel BÃ¼chele at 2012-09-16 20:11:44 +0200 


%% Saved with string encoding Unicode (UTF-8) 



@url{KhronosAbout,
	Author = {Neil Trevett},
	Date-Added = {2012-09-16 18:10:53 +0000},
	Date-Modified = {2012-09-16 18:11:43 +0000},
	Lastchecked = {18.08.2012},
	Title = {Building Markets for Advanced Devices through Open Standards},
	Url = {http://www.khronos.org/assets/uploads/developers/library/overview/khronos_overview.pdf}}

@book{diveInto,
	Author = {Pilgrim, M.},
	Date-Added = {2012-09-16 18:09:24 +0000},
	Date-Modified = {2012-09-16 18:09:46 +0000},
	Isbn = {9780596806026},
	Publisher = {O'Reilly Media},
	Series = {Oreilly Series},
	Title = {HTML5: Up and Running},
	Url = {http://books.google.de/books?id=Mk3sW0on7OAC},
	Year = {2010},
	Bdsk-Url-1 = {http://books.google.de/books?id=Mk3sW0on7OAC}}

@book{keith,
	Author = {Keith, J. and Zeldman, J.},
	Date-Added = {2012-09-16 18:06:03 +0000},
	Date-Modified = {2012-09-16 18:06:21 +0000},
	Isbn = {9780984442508},
	Publisher = {A Book Apart},
	Title = {HTML5 for web designers},
	Url = {http://books.google.de/books?id=lS5SAQAAIAAJ},
	Year = {2010},
	Bdsk-Url-1 = {http://books.google.de/books?id=lS5SAQAAIAAJ}}
